<?xml version="1.0" encoding="UTF-8"?><collection xmlns="http://www.loc.gov/MARC21/slim"><record><leader>00394nam--2200157-i-4500</leader><controlfield tag="001">000034145</controlfield><controlfield tag="002">20161230</controlfield><controlfield tag="005">20170128002851</controlfield><controlfield tag="008">060222s1000------------r-----000-0-eng-d</controlfield><datafield ind1=" " ind2=" " tag="080"><subfield code="a">539.123(061.3)</subfield></datafield><datafield ind1=" " ind2=" " tag="245"><subfield code="a">Neutrino oscilation workshop</subfield></datafield><datafield ind1=" " ind2=" " tag="260"><subfield code="a">Springfield</subfield><subfield code="b">Brookhaven Nat.Lab</subfield><subfield code="c">1981</subfield></datafield><datafield ind1=" " ind2=" " tag="300"><subfield code="a">VI+324 p</subfield></datafield><datafield ind1=" " ind2=" " tag="700"><subfield code="a">Baggett, Neil</subfield></datafield><datafield ind1=" " ind2=" " tag="852"><subfield code="a">79187</subfield></datafield><datafield ind1=" " ind2=" " tag="CAT"><subfield code="a">SYS</subfield><subfield code="c">20170128</subfield><subfield code="h">002851</subfield></datafield></record></collection>